%YAML 1.1
%TAG !u! tag:unity3d.com,2011:
--- !u!1 &2598355850165650929
GameObject:
  m_ObjectHideFlags: 0
  m_CorrespondingSourceObject: {fileID: 0}
  m_PrefabInstance: {fileID: 0}
  m_PrefabAsset: {fileID: 0}
  serializedVersion: 6
  m_Component:
  - component: {fileID: 1320802885201065954}
  - component: {fileID: 8002731091141545428}
  - component: {fileID: 4338058177766273325}
  - component: {fileID: 4269828455293900064}
  - component: {fileID: 2697858727414039130}
  m_Layer: 0
  m_Name: Magnets
  m_TagString: Magnet
  m_Icon: {fileID: 0}
  m_NavMeshLayer: 0
  m_StaticEditorFlags: 0
  m_IsActive: 1
--- !u!4 &1320802885201065954
Transform:
  m_ObjectHideFlags: 0
  m_CorrespondingSourceObject: {fileID: 0}
  m_PrefabInstance: {fileID: 0}
  m_PrefabAsset: {fileID: 0}
  m_GameObject: {fileID: 2598355850165650929}
  m_LocalRotation: {x: -0.7071068, y: 0, z: 0, w: 0.7071068}
  m_LocalPosition: {x: -0, y: 0, z: 0}
  m_LocalScale: {x: 8, y: 8, z: 8}
  m_Children: []
  m_Father: {fileID: 0}
  m_RootOrder: 0
  m_LocalEulerAnglesHint: {x: -90, y: 0, z: 0}
--- !u!33 &8002731091141545428
MeshFilter:
  m_ObjectHideFlags: 0
  m_CorrespondingSourceObject: {fileID: 0}
  m_PrefabInstance: {fileID: 0}
  m_PrefabAsset: {fileID: 0}
  m_GameObject: {fileID: 2598355850165650929}
  m_Mesh: {fileID: 8671679135323641700, guid: a65a17d11c962f841a7da9baff400a0c, type: 3}
--- !u!23 &4338058177766273325
MeshRenderer:
  m_ObjectHideFlags: 0
  m_CorrespondingSourceObject: {fileID: 0}
  m_PrefabInstance: {fileID: 0}
  m_PrefabAsset: {fileID: 0}
  m_GameObject: {fileID: 2598355850165650929}
  m_Enabled: 1
  m_CastShadows: 1
  m_ReceiveShadows: 1
  m_DynamicOccludee: 1
  m_MotionVectors: 1
  m_LightProbeUsage: 1
  m_ReflectionProbeUsage: 1
  m_RayTracingMode: 2
  m_RenderingLayerMask: 1
  m_RendererPriority: 0
  m_Materials:
  - {fileID: 7226745647456406375, guid: a65a17d11c962f841a7da9baff400a0c, type: 3}
  m_StaticBatchInfo:
    firstSubMesh: 0
    subMeshCount: 0
  m_StaticBatchRoot: {fileID: 0}
  m_ProbeAnchor: {fileID: 0}
  m_LightProbeVolumeOverride: {fileID: 0}
  m_ScaleInLightmap: 1
  m_ReceiveGI: 1
  m_PreserveUVs: 0
  m_IgnoreNormalsForChartDetection: 0
  m_ImportantGI: 0
  m_StitchLightmapSeams: 1
  m_SelectedEditorRenderState: 3
  m_MinimumChartSize: 4
  m_AutoUVMaxDistance: 0.5
  m_AutoUVMaxAngle: 89
  m_LightmapParameters: {fileID: 0}
  m_SortingLayerID: 0
  m_SortingLayer: 0
  m_SortingOrder: 0
--- !u!65 &4269828455293900064
BoxCollider:
  m_ObjectHideFlags: 0
  m_CorrespondingSourceObject: {fileID: 0}
  m_PrefabInstance: {fileID: 0}
  m_PrefabAsset: {fileID: 0}
  m_GameObject: {fileID: 2598355850165650929}
  m_Material: {fileID: 0}
  m_IsTrigger: 1
  m_Enabled: 1
  serializedVersion: 2
  m_Size: {x: 0.11925678, y: 0.119256824, z: 0.039700434}
  m_Center: {x: -0.0000000018626451, y: -0.000000005587937, z: 0}
--- !u!114 &2697858727414039130
MonoBehaviour:
  m_ObjectHideFlags: 0
  m_CorrespondingSourceObject: {fileID: 0}
  m_PrefabInstance: {fileID: 0}
  m_PrefabAsset: {fileID: 0}
  m_GameObject: {fileID: 2598355850165650929}
  m_Enabled: 1
  m_EditorHideFlags: 0
  m_Script: {fileID: 11500000, guid: 8bfdf606fedb128488541f5f8aef92d6, type: 3}
  m_Name: 
  m_EditorClassIdentifier: 
  onGround: 0
  CurrentCell: {fileID: 0}
  CellToStopOn: {x: 0, y: 0, z: 0}
  PlayerMagnetsArray: []
  beingMagnetized: 0
  minXMovement: 0
  minZMovement: 0
  anim: {fileID: 0}
  rayLengh: 100
  speed: 10
  IsPartOfPlayer: 0
  player: {fileID: 0}
  ShadowFieldMagnet: {fileID: 4780737904639495915, guid: 8ce07ae29ac8a164f9929e2504c7cf61,
    type: 3}
  TargetMovePosition: {x: 0, y: 0, z: 0}
