%YAML 1.1
%TAG !u! tag:unity3d.com,2011:
--- !u!1 &1855991434802457151
GameObject:
  m_ObjectHideFlags: 0
  m_CorrespondingSourceObject: {fileID: 0}
  m_PrefabInstance: {fileID: 0}
  m_PrefabAsset: {fileID: 0}
  serializedVersion: 6
  m_Component:
  - component: {fileID: 3403359016094303897}
  - component: {fileID: 6505998980275747454}
  m_Layer: 10
  m_Name: Spot Light
  m_TagString: Untagged
  m_Icon: {fileID: 0}
  m_NavMeshLayer: 0
  m_StaticEditorFlags: 0
  m_IsActive: 1
--- !u!4 &3403359016094303897
Transform:
  m_ObjectHideFlags: 0
  m_CorrespondingSourceObject: {fileID: 0}
  m_PrefabInstance: {fileID: 0}
  m_PrefabAsset: {fileID: 0}
  m_GameObject: {fileID: 1855991434802457151}
  m_LocalRotation: {x: 0.7071068, y: 0, z: 0, w: 0.7071068}
  m_LocalPosition: {x: 0, y: 0.2558, z: 0}
  m_LocalScale: {x: 1, y: 1, z: 1}
  m_Children: []
  m_Father: {fileID: 5550181898462530910}
  m_RootOrder: 0
  m_LocalEulerAnglesHint: {x: 90, y: 0, z: 0}
--- !u!108 &6505998980275747454
Light:
  m_ObjectHideFlags: 0
  m_CorrespondingSourceObject: {fileID: 0}
  m_PrefabInstance: {fileID: 0}
  m_PrefabAsset: {fileID: 0}
  m_GameObject: {fileID: 1855991434802457151}
  m_Enabled: 1
  serializedVersion: 10
  m_Type: 0
  m_Shape: 0
  m_Color: {r: 1, g: 1, b: 1, a: 1}
  m_Intensity: 0
  m_Range: 10
  m_SpotAngle: 75
  m_InnerSpotAngle: 7
  m_CookieSize: 10
  m_Shadows:
    m_Type: 0
    m_Resolution: -1
    m_CustomResolution: -1
    m_Strength: 1
    m_Bias: 0.05
    m_NormalBias: 0.4
    m_NearPlane: 0.2
    m_CullingMatrixOverride:
      e00: 1
      e01: 0
      e02: 0
      e03: 0
      e10: 0
      e11: 1
      e12: 0
      e13: 0
      e20: 0
      e21: 0
      e22: 1
      e23: 0
      e30: 0
      e31: 0
      e32: 0
      e33: 1
    m_UseCullingMatrixOverride: 0
  m_Cookie: {fileID: 0}
  m_DrawHalo: 0
  m_Flare: {fileID: 0}
  m_RenderMode: 0
  m_CullingMask:
    serializedVersion: 2
    m_Bits: 11268
  m_RenderingLayerMask: 1
  m_Lightmapping: 4
  m_LightShadowCasterMode: 0
  m_AreaSize: {x: 1, y: 1}
  m_BounceIntensity: 0
  m_ColorTemperature: 6570
  m_UseColorTemperature: 0
  m_BoundingSphereOverride: {x: 0, y: 0, z: 0, w: 0}
  m_UseBoundingSphereOverride: 0
  m_ShadowRadius: 0
  m_ShadowAngle: 0
--- !u!1 &5351468791521855311
GameObject:
  m_ObjectHideFlags: 0
  m_CorrespondingSourceObject: {fileID: 0}
  m_PrefabInstance: {fileID: 0}
  m_PrefabAsset: {fileID: 0}
  serializedVersion: 6
  m_Component:
  - component: {fileID: 5351468791521855310}
  m_Layer: 0
  m_Name: Anim Position
  m_TagString: Untagged
  m_Icon: {fileID: 0}
  m_NavMeshLayer: 0
  m_StaticEditorFlags: 0
  m_IsActive: 1
--- !u!4 &5351468791521855310
Transform:
  m_ObjectHideFlags: 0
  m_CorrespondingSourceObject: {fileID: 0}
  m_PrefabInstance: {fileID: 0}
  m_PrefabAsset: {fileID: 0}
  m_GameObject: {fileID: 5351468791521855311}
  m_LocalRotation: {x: 0, y: 0, z: 0, w: 1}
  m_LocalPosition: {x: 0.0485, y: 0.0783, z: -0.0626}
  m_LocalScale: {x: 1, y: 1, z: 1}
  m_Children: []
  m_Father: {fileID: 5550181898462530910}
  m_RootOrder: 2
  m_LocalEulerAnglesHint: {x: 0, y: 0, z: 0}
--- !u!1 &8821833855724184598
GameObject:
  m_ObjectHideFlags: 0
  m_CorrespondingSourceObject: {fileID: 0}
  m_PrefabInstance: {fileID: 0}
  m_PrefabAsset: {fileID: 0}
  serializedVersion: 6
  m_Component:
  - component: {fileID: 979715150698161423}
  - component: {fileID: 2933827205125271358}
  m_Layer: 10
  m_Name: Shadow
  m_TagString: Shadow silhouette
  m_Icon: {fileID: 0}
  m_NavMeshLayer: 0
  m_StaticEditorFlags: 0
  m_IsActive: 0
--- !u!4 &979715150698161423
Transform:
  m_ObjectHideFlags: 0
  m_CorrespondingSourceObject: {fileID: 0}
  m_PrefabInstance: {fileID: 0}
  m_PrefabAsset: {fileID: 0}
  m_GameObject: {fileID: 8821833855724184598}
  m_LocalRotation: {x: 0.7071068, y: -0, z: -0, w: 0.7071068}
  m_LocalPosition: {x: 0, y: -0.02825, z: 0}
  m_LocalScale: {x: 0.0125, y: 0.012500001, z: 0.012500001}
  m_Children: []
  m_Father: {fileID: 5550181898462530910}
  m_RootOrder: 3
  m_LocalEulerAnglesHint: {x: 90, y: 0, z: 0}
--- !u!212 &2933827205125271358
SpriteRenderer:
  m_ObjectHideFlags: 0
  m_CorrespondingSourceObject: {fileID: 0}
  m_PrefabInstance: {fileID: 0}
  m_PrefabAsset: {fileID: 0}
  m_GameObject: {fileID: 8821833855724184598}
  m_Enabled: 1
  m_CastShadows: 0
  m_ReceiveShadows: 0
  m_DynamicOccludee: 1
  m_MotionVectors: 1
  m_LightProbeUsage: 1
  m_ReflectionProbeUsage: 1
  m_RayTracingMode: 0
  m_RenderingLayerMask: 1
  m_RendererPriority: 0
  m_Materials:
  - {fileID: 10754, guid: 0000000000000000f000000000000000, type: 0}
  m_StaticBatchInfo:
    firstSubMesh: 0
    subMeshCount: 0
  m_StaticBatchRoot: {fileID: 0}
  m_ProbeAnchor: {fileID: 0}
  m_LightProbeVolumeOverride: {fileID: 0}
  m_ScaleInLightmap: 1
  m_ReceiveGI: 1
  m_PreserveUVs: 0
  m_IgnoreNormalsForChartDetection: 0
  m_ImportantGI: 0
  m_StitchLightmapSeams: 1
  m_SelectedEditorRenderState: 0
  m_MinimumChartSize: 4
  m_AutoUVMaxDistance: 0.5
  m_AutoUVMaxAngle: 89
  m_LightmapParameters: {fileID: 0}
  m_SortingLayerID: 0
  m_SortingLayer: 0
  m_SortingOrder: 0
  m_Sprite: {fileID: 21300000, guid: 0cb139110a956624da07b457d5e3aba2, type: 3}
  m_Color: {r: 1, g: 1, b: 1, a: 1}
  m_FlipX: 0
  m_FlipY: 0
  m_DrawMode: 0
  m_Size: {x: 10.24, y: 10.24}
  m_AdaptiveModeThreshold: 0.5
  m_SpriteTileMode: 0
  m_WasSpriteAssigned: 1
  m_MaskInteraction: 0
  m_SpriteSortPoint: 0
--- !u!1 &8889380945593859917
GameObject:
  m_ObjectHideFlags: 0
  m_CorrespondingSourceObject: {fileID: 0}
  m_PrefabInstance: {fileID: 0}
  m_PrefabAsset: {fileID: 0}
  serializedVersion: 6
  m_Component:
  - component: {fileID: 5550181898462530910}
  - component: {fileID: 3484998555350251368}
  - component: {fileID: 7161210300223277969}
  - component: {fileID: 4095678514239533253}
  - component: {fileID: 8282482203568640059}
  - component: {fileID: 4487703492012950300}
  m_Layer: 10
  m_Name: NEW Field Magnets
  m_TagString: Magnet
  m_Icon: {fileID: 0}
  m_NavMeshLayer: 0
  m_StaticEditorFlags: 0
  m_IsActive: 1
--- !u!4 &5550181898462530910
Transform:
  m_ObjectHideFlags: 0
  m_CorrespondingSourceObject: {fileID: 0}
  m_PrefabInstance: {fileID: 0}
  m_PrefabAsset: {fileID: 0}
  m_GameObject: {fileID: 8889380945593859917}
  m_LocalRotation: {x: 0, y: 0, z: 0, w: 1}
  m_LocalPosition: {x: 0, y: 0, z: 0}
  m_LocalScale: {x: 8, y: 8, z: 8}
  m_Children:
  - {fileID: 3403359016094303897}
  - {fileID: 1674594671963254004}
  - {fileID: 5351468791521855310}
  - {fileID: 979715150698161423}
  m_Father: {fileID: 0}
  m_RootOrder: 0
  m_LocalEulerAnglesHint: {x: 0, y: 0, z: 0}
--- !u!33 &3484998555350251368
MeshFilter:
  m_ObjectHideFlags: 0
  m_CorrespondingSourceObject: {fileID: 0}
  m_PrefabInstance: {fileID: 0}
  m_PrefabAsset: {fileID: 0}
  m_GameObject: {fileID: 8889380945593859917}
  m_Mesh: {fileID: 5078001479962125662, guid: 2ee488198531eaa4eb19c0e5a178700d, type: 3}
--- !u!23 &7161210300223277969
MeshRenderer:
  m_ObjectHideFlags: 0
  m_CorrespondingSourceObject: {fileID: 0}
  m_PrefabInstance: {fileID: 0}
  m_PrefabAsset: {fileID: 0}
  m_GameObject: {fileID: 8889380945593859917}
  m_Enabled: 0
  m_CastShadows: 1
  m_ReceiveShadows: 1
  m_DynamicOccludee: 1
  m_MotionVectors: 1
  m_LightProbeUsage: 1
  m_ReflectionProbeUsage: 1
  m_RayTracingMode: 2
  m_RenderingLayerMask: 1
  m_RendererPriority: 0
  m_Materials:
  - {fileID: 2100000, guid: 74fdd5cabe85bdf4d812010675c75077, type: 2}
  m_StaticBatchInfo:
    firstSubMesh: 0
    subMeshCount: 0
  m_StaticBatchRoot: {fileID: 0}
  m_ProbeAnchor: {fileID: 0}
  m_LightProbeVolumeOverride: {fileID: 0}
  m_ScaleInLightmap: 1
  m_ReceiveGI: 1
  m_PreserveUVs: 0
  m_IgnoreNormalsForChartDetection: 0
  m_ImportantGI: 0
  m_StitchLightmapSeams: 1
  m_SelectedEditorRenderState: 3
  m_MinimumChartSize: 4
  m_AutoUVMaxDistance: 0.5
  m_AutoUVMaxAngle: 89
  m_LightmapParameters: {fileID: 0}
  m_SortingLayerID: 0
  m_SortingLayer: 0
  m_SortingOrder: 0
--- !u!111 &4095678514239533253
Animation:
  m_ObjectHideFlags: 0
  m_CorrespondingSourceObject: {fileID: 0}
  m_PrefabInstance: {fileID: 0}
  m_PrefabAsset: {fileID: 0}
  m_GameObject: {fileID: 8889380945593859917}
  m_Enabled: 1
  serializedVersion: 3
  m_Animation: {fileID: 7400000, guid: 9fbef8010cda8ea47a99b3d62c6b838a, type: 2}
  m_Animations:
  - {fileID: 7400000, guid: 9fbef8010cda8ea47a99b3d62c6b838a, type: 2}
  m_WrapMode: 0
  m_PlayAutomatically: 0
  m_AnimatePhysics: 0
  m_CullingType: 0
--- !u!114 &8282482203568640059
MonoBehaviour:
  m_ObjectHideFlags: 0
  m_CorrespondingSourceObject: {fileID: 0}
  m_PrefabInstance: {fileID: 0}
  m_PrefabAsset: {fileID: 0}
  m_GameObject: {fileID: 8889380945593859917}
  m_Enabled: 1
  m_EditorHideFlags: 0
  m_Script: {fileID: 11500000, guid: 8bfdf606fedb128488541f5f8aef92d6, type: 3}
  m_Name: 
  m_EditorClassIdentifier: 
  IsFalling: 1
  CurrentCell: {fileID: 0}
  beingMagnetized: 0
  minXMovement: 0
  minZMovement: 0
  fallSpeed: 30
  IsPartOfPlayer: 0
  rayLengh: 2
  speed: 10
  player: {fileID: 0}
  ShadowFieldMagnet: {fileID: 7039829627471207488, guid: 8ce07ae29ac8a164f9929e2504c7cf61,
    type: 3}
  anim: {fileID: 0}
  ChildAnimPos: {fileID: 0}
  vib: {fileID: 0}
  LayerToHit:
    serializedVersion: 2
    m_Bits: 19457
  EndLevelLight: {fileID: 6505998980275747454}
--- !u!65 &4487703492012950300
BoxCollider:
  m_ObjectHideFlags: 0
  m_CorrespondingSourceObject: {fileID: 0}
  m_PrefabInstance: {fileID: 0}
  m_PrefabAsset: {fileID: 0}
  m_GameObject: {fileID: 8889380945593859917}
  m_Material: {fileID: 0}
  m_IsTrigger: 0
  m_Enabled: 1
  serializedVersion: 2
  m_Size: {x: 0.12718284, y: 0.03970041, z: 0.1273063}
  m_Center: {x: 0.00047259033, y: 0, z: 0.00079824775}
--- !u!1001 &1674594671963254139
PrefabInstance:
  m_ObjectHideFlags: 0
  serializedVersion: 2
  m_Modification:
    m_TransformParent: {fileID: 5550181898462530910}
    m_Modifications:
    - target: {fileID: 67724560674424247, guid: bc371a2097c12324481a961808fda54b,
        type: 3}
      propertyPath: m_CollisionDetection
      value: 3
      objectReference: {fileID: 0}
    - target: {fileID: 67724560674424247, guid: bc371a2097c12324481a961808fda54b,
        type: 3}
      propertyPath: m_IsKinematic
      value: 1
      objectReference: {fileID: 0}
    - target: {fileID: 67724560674424247, guid: bc371a2097c12324481a961808fda54b,
        type: 3}
      propertyPath: m_Constraints
      value: 0
      objectReference: {fileID: 0}
    - target: {fileID: 127105882313693012, guid: bc371a2097c12324481a961808fda54b,
        type: 3}
      propertyPath: MaxForce
      value: 18
      objectReference: {fileID: 0}
    - target: {fileID: 127105882313693012, guid: bc371a2097c12324481a961808fda54b,
        type: 3}
      propertyPath: Multi
      value: 4
      objectReference: {fileID: 0}
    - target: {fileID: 533320363868054113, guid: bc371a2097c12324481a961808fda54b,
        type: 3}
      propertyPath: MaxForce
      value: 18
      objectReference: {fileID: 0}
    - target: {fileID: 533320363868054113, guid: bc371a2097c12324481a961808fda54b,
        type: 3}
      propertyPath: Multi
      value: 4
      objectReference: {fileID: 0}
    - target: {fileID: 1160180975247534276, guid: bc371a2097c12324481a961808fda54b,
        type: 3}
      propertyPath: MaxForce
      value: 18
      objectReference: {fileID: 0}
    - target: {fileID: 1160180975247534276, guid: bc371a2097c12324481a961808fda54b,
        type: 3}
      propertyPath: Multi
      value: 4
      objectReference: {fileID: 0}
    - target: {fileID: 1463502122437341171, guid: bc371a2097c12324481a961808fda54b,
        type: 3}
      propertyPath: m_CollisionDetection
      value: 3
      objectReference: {fileID: 0}
    - target: {fileID: 1463502122437341171, guid: bc371a2097c12324481a961808fda54b,
        type: 3}
      propertyPath: m_IsKinematic
      value: 1
      objectReference: {fileID: 0}
    - target: {fileID: 1463502122437341171, guid: bc371a2097c12324481a961808fda54b,
        type: 3}
      propertyPath: m_Constraints
      value: 0
      objectReference: {fileID: 0}
    - target: {fileID: 1485343384124349184, guid: bc371a2097c12324481a961808fda54b,
        type: 3}
      propertyPath: MaxForce
      value: 18
      objectReference: {fileID: 0}
    - target: {fileID: 1485343384124349184, guid: bc371a2097c12324481a961808fda54b,
        type: 3}
      propertyPath: Multi
      value: 4
      objectReference: {fileID: 0}
    - target: {fileID: 1505177054616728170, guid: bc371a2097c12324481a961808fda54b,
        type: 3}
      propertyPath: m_CollisionDetection
      value: 3
      objectReference: {fileID: 0}
    - target: {fileID: 1505177054616728170, guid: bc371a2097c12324481a961808fda54b,
        type: 3}
      propertyPath: m_IsKinematic
      value: 1
      objectReference: {fileID: 0}
    - target: {fileID: 1505177054616728170, guid: bc371a2097c12324481a961808fda54b,
        type: 3}
      propertyPath: m_Constraints
      value: 0
      objectReference: {fileID: 0}
    - target: {fileID: 1874371624350120945, guid: bc371a2097c12324481a961808fda54b,
        type: 3}
      propertyPath: m_CollisionDetection
      value: 3
      objectReference: {fileID: 0}
    - target: {fileID: 1874371624350120945, guid: bc371a2097c12324481a961808fda54b,
        type: 3}
      propertyPath: m_IsKinematic
      value: 1
      objectReference: {fileID: 0}
    - target: {fileID: 1874371624350120945, guid: bc371a2097c12324481a961808fda54b,
        type: 3}
      propertyPath: m_Constraints
      value: 0
      objectReference: {fileID: 0}
    - target: {fileID: 2023874196489571502, guid: bc371a2097c12324481a961808fda54b,
        type: 3}
      propertyPath: m_Material
      value: 
      objectReference: {fileID: 13400000, guid: 9025bc1aed1ebe240bc84d5afbef5186,
        type: 2}
    - target: {fileID: 2107181157483115071, guid: bc371a2097c12324481a961808fda54b,
        type: 3}
      propertyPath: m_Material
      value: 
      objectReference: {fileID: 13400000, guid: 9025bc1aed1ebe240bc84d5afbef5186,
        type: 2}
    - target: {fileID: 2351981865304906588, guid: bc371a2097c12324481a961808fda54b,
        type: 3}
      propertyPath: m_CollisionDetection
      value: 3
      objectReference: {fileID: 0}
    - target: {fileID: 2351981865304906588, guid: bc371a2097c12324481a961808fda54b,
        type: 3}
      propertyPath: m_IsKinematic
      value: 1
      objectReference: {fileID: 0}
    - target: {fileID: 2351981865304906588, guid: bc371a2097c12324481a961808fda54b,
        type: 3}
      propertyPath: m_Constraints
      value: 0
      objectReference: {fileID: 0}
    - target: {fileID: 2680155672003874374, guid: bc371a2097c12324481a961808fda54b,
        type: 3}
      propertyPath: m_CollisionDetection
      value: 3
      objectReference: {fileID: 0}
    - target: {fileID: 2680155672003874374, guid: bc371a2097c12324481a961808fda54b,
        type: 3}
      propertyPath: m_IsKinematic
      value: 1
      objectReference: {fileID: 0}
    - target: {fileID: 2680155672003874374, guid: bc371a2097c12324481a961808fda54b,
        type: 3}
      propertyPath: m_Constraints
      value: 0
      objectReference: {fileID: 0}
    - target: {fileID: 2765608706752946281, guid: bc371a2097c12324481a961808fda54b,
        type: 3}
      propertyPath: m_Material
      value: 
      objectReference: {fileID: 13400000, guid: 9025bc1aed1ebe240bc84d5afbef5186,
        type: 2}
    - target: {fileID: 3012947778086890030, guid: bc371a2097c12324481a961808fda54b,
        type: 3}
      propertyPath: MaxForce
      value: 18
      objectReference: {fileID: 0}
    - target: {fileID: 3012947778086890030, guid: bc371a2097c12324481a961808fda54b,
        type: 3}
      propertyPath: Multi
      value: 4
      objectReference: {fileID: 0}
    - target: {fileID: 3043071181720529788, guid: bc371a2097c12324481a961808fda54b,
        type: 3}
      propertyPath: m_Material
      value: 
      objectReference: {fileID: 13400000, guid: 9025bc1aed1ebe240bc84d5afbef5186,
        type: 2}
    - target: {fileID: 3583890958787369221, guid: bc371a2097c12324481a961808fda54b,
        type: 3}
      propertyPath: MaxForce
      value: 18
      objectReference: {fileID: 0}
    - target: {fileID: 3583890958787369221, guid: bc371a2097c12324481a961808fda54b,
        type: 3}
      propertyPath: Multi
      value: 4
      objectReference: {fileID: 0}
    - target: {fileID: 3702256439533783900, guid: bc371a2097c12324481a961808fda54b,
        type: 3}
      propertyPath: m_Material
      value: 
      objectReference: {fileID: 13400000, guid: 9025bc1aed1ebe240bc84d5afbef5186,
        type: 2}
    - target: {fileID: 4167747020366170511, guid: bc371a2097c12324481a961808fda54b,
        type: 3}
      propertyPath: m_CollisionDetection
      value: 3
      objectReference: {fileID: 0}
    - target: {fileID: 4167747020366170511, guid: bc371a2097c12324481a961808fda54b,
        type: 3}
      propertyPath: m_IsKinematic
      value: 1
      objectReference: {fileID: 0}
    - target: {fileID: 4167747020366170511, guid: bc371a2097c12324481a961808fda54b,
        type: 3}
      propertyPath: m_Constraints
      value: 0
      objectReference: {fileID: 0}
    - target: {fileID: 4202105544610732359, guid: bc371a2097c12324481a961808fda54b,
        type: 3}
      propertyPath: m_Material
      value: 
      objectReference: {fileID: 13400000, guid: 9025bc1aed1ebe240bc84d5afbef5186,
        type: 2}
    - target: {fileID: 5283505612658712741, guid: bc371a2097c12324481a961808fda54b,
        type: 3}
      propertyPath: m_Material
      value: 
      objectReference: {fileID: 13400000, guid: 9025bc1aed1ebe240bc84d5afbef5186,
        type: 2}
    - target: {fileID: 6380627620033315000, guid: bc371a2097c12324481a961808fda54b,
        type: 3}
      propertyPath: m_Material
      value: 
      objectReference: {fileID: 13400000, guid: 9025bc1aed1ebe240bc84d5afbef5186,
        type: 2}
    - target: {fileID: 6562153356501059795, guid: bc371a2097c12324481a961808fda54b,
        type: 3}
      propertyPath: m_CollisionDetection
      value: 3
      objectReference: {fileID: 0}
    - target: {fileID: 6562153356501059795, guid: bc371a2097c12324481a961808fda54b,
        type: 3}
      propertyPath: m_IsKinematic
      value: 1
      objectReference: {fileID: 0}
    - target: {fileID: 6562153356501059795, guid: bc371a2097c12324481a961808fda54b,
        type: 3}
      propertyPath: m_Constraints
      value: 0
      objectReference: {fileID: 0}
    - target: {fileID: 6669500960926385689, guid: bc371a2097c12324481a961808fda54b,
        type: 3}
      propertyPath: m_CollisionDetection
      value: 3
      objectReference: {fileID: 0}
    - target: {fileID: 6669500960926385689, guid: bc371a2097c12324481a961808fda54b,
        type: 3}
      propertyPath: m_IsKinematic
      value: 1
      objectReference: {fileID: 0}
    - target: {fileID: 6669500960926385689, guid: bc371a2097c12324481a961808fda54b,
        type: 3}
      propertyPath: m_Constraints
      value: 0
      objectReference: {fileID: 0}
    - target: {fileID: 6735527383295165112, guid: bc371a2097c12324481a961808fda54b,
        type: 3}
      propertyPath: m_LocalRotation.w
      value: 1
      objectReference: {fileID: 0}
    - target: {fileID: 6735527383295165112, guid: bc371a2097c12324481a961808fda54b,
        type: 3}
      propertyPath: m_LocalRotation.x
      value: 0.00000008241876
      objectReference: {fileID: 0}
    - target: {fileID: 6735527383295165112, guid: bc371a2097c12324481a961808fda54b,
        type: 3}
      propertyPath: m_LocalRotation.y
      value: -0.00000004422567
      objectReference: {fileID: 0}
    - target: {fileID: 6735527383295165112, guid: bc371a2097c12324481a961808fda54b,
        type: 3}
      propertyPath: m_LocalRotation.z
      value: 3.664591e-15
      objectReference: {fileID: 0}
    - target: {fileID: 6735527383295165115, guid: bc371a2097c12324481a961808fda54b,
        type: 3}
      propertyPath: m_Layer
      value: 2
      objectReference: {fileID: 0}
    - target: {fileID: 6735527383332766115, guid: bc371a2097c12324481a961808fda54b,
        type: 3}
      propertyPath: m_Layer
      value: 2
      objectReference: {fileID: 0}
    - target: {fileID: 6735527383583564278, guid: bc371a2097c12324481a961808fda54b,
        type: 3}
      propertyPath: m_Layer
      value: 2
      objectReference: {fileID: 0}
    - target: {fileID: 6735527383613488282, guid: bc371a2097c12324481a961808fda54b,
        type: 3}
      propertyPath: m_Layer
      value: 2
      objectReference: {fileID: 0}
    - target: {fileID: 6735527383893387129, guid: bc371a2097c12324481a961808fda54b,
        type: 3}
      propertyPath: m_Layer
      value: 2
      objectReference: {fileID: 0}
    - target: {fileID: 6735527384137946082, guid: bc371a2097c12324481a961808fda54b,
        type: 3}
      propertyPath: m_Layer
      value: 2
      objectReference: {fileID: 0}
    - target: {fileID: 6735527384160548028, guid: bc371a2097c12324481a961808fda54b,
        type: 3}
      propertyPath: m_Layer
      value: 2
      objectReference: {fileID: 0}
    - target: {fileID: 6735527384277032585, guid: bc371a2097c12324481a961808fda54b,
        type: 3}
      propertyPath: m_Name
      value: Field Magnet Base
      objectReference: {fileID: 0}
    - target: {fileID: 6735527384277032598, guid: bc371a2097c12324481a961808fda54b,
        type: 3}
      propertyPath: m_LocalPosition.x
      value: 0
      objectReference: {fileID: 0}
    - target: {fileID: 6735527384277032598, guid: bc371a2097c12324481a961808fda54b,
        type: 3}
      propertyPath: m_LocalPosition.y
      value: 0
      objectReference: {fileID: 0}
    - target: {fileID: 6735527384277032598, guid: bc371a2097c12324481a961808fda54b,
        type: 3}
      propertyPath: m_LocalPosition.z
      value: 0
      objectReference: {fileID: 0}
    - target: {fileID: 6735527384277032598, guid: bc371a2097c12324481a961808fda54b,
        type: 3}
      propertyPath: m_LocalRotation.x
      value: -0
      objectReference: {fileID: 0}
    - target: {fileID: 6735527384277032598, guid: bc371a2097c12324481a961808fda54b,
        type: 3}
      propertyPath: m_LocalRotation.y
      value: -0
      objectReference: {fileID: 0}
    - target: {fileID: 6735527384277032598, guid: bc371a2097c12324481a961808fda54b,
        type: 3}
      propertyPath: m_LocalRotation.z
      value: -0
      objectReference: {fileID: 0}
    - target: {fileID: 6735527384277032598, guid: bc371a2097c12324481a961808fda54b,
        type: 3}
      propertyPath: m_LocalRotation.w
      value: 1
      objectReference: {fileID: 0}
    - target: {fileID: 6735527384277032598, guid: bc371a2097c12324481a961808fda54b,
        type: 3}
      propertyPath: m_RootOrder
      value: 1
      objectReference: {fileID: 0}
    - target: {fileID: 6735527384277032598, guid: bc371a2097c12324481a961808fda54b,
        type: 3}
      propertyPath: m_LocalEulerAnglesHint.x
      value: 0
      objectReference: {fileID: 0}
    - target: {fileID: 6735527384277032598, guid: bc371a2097c12324481a961808fda54b,
        type: 3}
      propertyPath: m_LocalEulerAnglesHint.y
      value: 0
      objectReference: {fileID: 0}
    - target: {fileID: 6735527384277032598, guid: bc371a2097c12324481a961808fda54b,
        type: 3}
      propertyPath: m_LocalEulerAnglesHint.z
      value: 0
      objectReference: {fileID: 0}
    - target: {fileID: 6735527384705836652, guid: bc371a2097c12324481a961808fda54b,
        type: 3}
      propertyPath: m_Layer
      value: 2
      objectReference: {fileID: 0}
    - target: {fileID: 6735527384968648129, guid: bc371a2097c12324481a961808fda54b,
        type: 3}
      propertyPath: m_Layer
      value: 2
      objectReference: {fileID: 0}
    - target: {fileID: 7225581489112340167, guid: bc371a2097c12324481a961808fda54b,
        type: 3}
      propertyPath: MaxForce
      value: 18
      objectReference: {fileID: 0}
    - target: {fileID: 7225581489112340167, guid: bc371a2097c12324481a961808fda54b,
        type: 3}
      propertyPath: Multi
      value: 4
      objectReference: {fileID: 0}
    - target: {fileID: 7655965289068916031, guid: bc371a2097c12324481a961808fda54b,
        type: 3}
      propertyPath: m_Material
      value: 
      objectReference: {fileID: 13400000, guid: 9025bc1aed1ebe240bc84d5afbef5186,
        type: 2}
    - target: {fileID: 7667415847942700664, guid: bc371a2097c12324481a961808fda54b,
        type: 3}
      propertyPath: MaxForce
      value: 18
      objectReference: {fileID: 0}
    - target: {fileID: 7667415847942700664, guid: bc371a2097c12324481a961808fda54b,
        type: 3}
      propertyPath: Multi
      value: 4
      objectReference: {fileID: 0}
    - target: {fileID: 7884787217277096427, guid: bc371a2097c12324481a961808fda54b,
        type: 3}
      propertyPath: MaxForce
      value: 18
      objectReference: {fileID: 0}
    - target: {fileID: 7884787217277096427, guid: bc371a2097c12324481a961808fda54b,
        type: 3}
      propertyPath: Multi
      value: 4
      objectReference: {fileID: 0}
    m_RemovedComponents: []
  m_SourcePrefab: {fileID: 100100000, guid: bc371a2097c12324481a961808fda54b, type: 3}
--- !u!4 &1674594671963254004 stripped
Transform:
  m_CorrespondingSourceObject: {fileID: 6735527384277032598, guid: bc371a2097c12324481a961808fda54b,
    type: 3}
  m_PrefabInstance: {fileID: 1674594671963254139}
  m_PrefabAsset: {fileID: 0}
